@book {sterman,
    title     = {An Introduction to Quantum Field Theory},
    author    = {George Sterman},
    publisher = {Cambridge University Press},
    year      = {1993}
}

@book {veltman,
    title     = {Diagrammatica: The Path to Feynman Diagrams},
    author    = {Martinus Veltman},
    publisher = {Cambridge University Press},
    year      = {1994}
}

@book {bjorkendrell,
    title     = {Relativistic Quantum Fields},
    author    = {James D. Bjorken and Sidney D. Drell},
    publisher = {McGraw-Hill},
    year      = {1965}
}

@book {peskinschroeder,
    title     = {Relativistic Quantum Fields},
    author    = {Michael E. Peskin and Daniel V. Schroeder},
    publisher = {Addison-Wesley},
    year      = {1995}
}

